<?xml version="1.0" encoding="UTF-8"?>
  <record xmlns="http://www.loc.gov/MARC21/slim" type="Authority">
    <leader>00000nz  a2200000nc 4500</leader>
    <controlfield tag="001">963911740</controlfield>
    <controlfield tag="003">DE-101</controlfield>
    <controlfield tag="005">20210330151011.0</controlfield>
    <controlfield tag="008">020220n||aznnnaabn           | ana    |c</controlfield>
    <datafield tag="024" ind1="7" ind2=" ">
      <subfield code="a">10034279-6</subfield>
      <subfield code="0">http://d-nb.info/gnd/10034279-6</subfield>
      <subfield code="2">gnd</subfield>
    </datafield>
    <datafield tag="035" ind1=" " ind2=" ">
      <subfield code="a">(DE-101)963911740</subfield>
    </datafield>
    <datafield tag="035" ind1=" " ind2=" ">
      <subfield code="a">(DE-588)10034279-6</subfield>
    </datafield>
    <datafield tag="035" ind1=" " ind2=" ">
      <subfield code="z">(DE-588b)10034279-6</subfield>
      <subfield code="9">v:zg</subfield>
    </datafield>
    <datafield tag="040" ind1=" " ind2=" ">
      <subfield code="a">DE-14</subfield>
      <subfield code="c">DE-14</subfield>
      <subfield code="9">r:DE-576</subfield>
      <subfield code="b">ger</subfield>
      <subfield code="d">0001</subfield>
    </datafield>
    <datafield tag="042" ind1=" " ind2=" ">
      <subfield code="a">gnd1</subfield>
    </datafield>
    <datafield tag="043" ind1=" " ind2=" ">
      <subfield code="c">XA-DXDE</subfield>
    </datafield>
    <datafield tag="075" ind1=" " ind2=" ">
      <subfield code="b">b</subfield>
      <subfield code="2">gndgen</subfield>
    </datafield>
    <datafield tag="075" ind1=" " ind2=" ">
      <subfield code="b">kiz</subfield>
      <subfield code="2">gndspec</subfield>
    </datafield>
    <datafield tag="079" ind1=" " ind2=" ">
      <subfield code="a">g</subfield>
      <subfield code="q">f</subfield>
      <subfield code="u">z</subfield>
    </datafield>
    <datafield tag="110" ind1="2" ind2=" ">
      <subfield code="a">Gymnasium</subfield>
      <subfield code="g">Budissin</subfield>
    </datafield>
    <datafield tag="410" ind1="2" ind2=" ">
      <subfield code="a">Gymnasium Budissinum</subfield>
    </datafield>
    <datafield tag="410" ind1="2" ind2=" ">
      <subfield code="a">Budissiner Gymnasium</subfield>
    </datafield>
    <datafield tag="510" ind1="2" ind2=" ">
      <subfield code="0">(DE-101)050037536</subfield>
      <subfield code="0">(DE-588)5003753-5</subfield>
      <subfield code="0">https://d-nb.info/gnd/5003753-5</subfield>
      <subfield code="a">Gymnasium</subfield>
      <subfield code="g">Bautzen</subfield>
      <subfield code="4">nach</subfield>
      <subfield code="4">https://d-nb.info/standards/elementset/gnd#succeedingCorporateBody</subfield>
      <subfield code="w">r</subfield>
      <subfield code="i">Nachfolger</subfield>
      <subfield code="e">Nachfolger</subfield>
    </datafield>
    <datafield tag="548" ind1=" " ind2=" ">
      <subfield code="a">-1867</subfield>
      <subfield code="4">datb</subfield>
      <subfield code="4">https://d-nb.info/standards/elementset/gnd#dateOfTermination</subfield>
      <subfield code="w">r</subfield>
      <subfield code="i">Zeitraum</subfield>
    </datafield>
    <datafield tag="551" ind1=" " ind2=" ">
      <subfield code="0">(DE-101)963911619</subfield>
      <subfield code="0">(DE-588)10034264-4</subfield>
      <subfield code="0">https://d-nb.info/gnd/10034264-4</subfield>
      <subfield code="a">Budissin</subfield>
      <subfield code="4">orta</subfield>
      <subfield code="4">https://d-nb.info/standards/elementset/gnd#placeOfBusiness</subfield>
      <subfield code="w">r</subfield>
      <subfield code="i">Ort</subfield>
      <subfield code="9">X:1</subfield>
    </datafield>
    <datafield tag="670" ind1=" " ind2=" ">
      <subfield code="b">Stand: 30.03.2021</subfield>
      <subfield code="u">https://www.pmg-bautzen.de/geschichte.php</subfield>
    </datafield>
    <datafield tag="678" ind1=" " ind2=" ">
      <subfield code="b">Dieses Gymnasium ging direkt aus der im Zuge der Reformation entstandenen Evangelischen Ratsschule hervor, die 1527 gegründet wurde. Aufgrund von Platzproblemen musste 1861 ein neues Grundstück gekauft werden, auf dem eine neue Schule errichtet wurde, die 1867 eingeweiht wurde, im Jahre 1596 gründete der Rat der Stadt die Bautzener Stadtbibliothek, die an das Gymnasium angeschlossen war</subfield>
    </datafield>
    <datafield tag="913" ind1=" " ind2=" ">
      <subfield code="S">gkd</subfield>
      <subfield code="i">a</subfield>
      <subfield code="a">Gymnasium &lt;Budissin&gt;</subfield>
      <subfield code="0">(DE-588b)10034279-6</subfield>
    </datafield>
  </record>
